% Use this file for citations not found in the ACL Anthology (contained in "anthology.bib").

@book{Aho:72,
    author  = {Alfred V. Aho and Jeffrey D. Ullman},
    title   = {The Theory of Parsing, Translation and Compiling},
    year    = "1972",
    volume  = "1",
    publisher = {Prentice-Hall},
    address = {Englewood Cliffs, NJ}
}

@book{APA:83,
    author  = {{American Psychological Association}},
    title   = {Publications Manual},
    year    = "1983",
    publisher = {American Psychological Association},
    address = {Washington, DC}
}

@article{Chandra:81,
	author = {Ashok K. Chandra and Dexter C. Kozen and Larry J. Stockmeyer},
	year = "1981",
	title = {Alternation},
	journal = {Journal of the Association for Computing Machinery},
	volume = "28",
	number = "1",
	pages = "114--133",
	doi = "10.1145/322234.322243",
}

@inproceedings{andrew2007scalable,
  title={Scalable training of {$L_1$}-regularized log-linear models},
  author={Andrew, Galen and Gao, Jianfeng},
  booktitle={Proceedings of the 24th International Conference on Machine Learning},
  pages={33--40},
  year={2007},
  url={https://dl.acm.org/doi/abs/10.1145/1273496.1273501}
}

@book{Gusfield:97,
    author  = {Dan Gusfield},
    title   = {Algorithms on Strings, Trees and Sequences},
    year    = "1997",
    publisher = {Cambridge University Press},
    address = {Cambridge, UK},
    url={https://www.cambridge.org/core/books/algorithms-on-strings-trees-and-sequences/F0B095049C7E6EF5356F0A26686C20D3}
}

@article{rasooli-tetrault-2015,
    author    = {Mohammad Sadegh Rasooli and Joel R. Tetreault},
    title     = {Yara Parser: {A} Fast and Accurate Dependency Parser},
    journal   = {Computing Research Repository},
    volume    = {arXiv:1503.06733},
    year      = {2015},
    url       = {http://arxiv.org/abs/1503.06733},
    note    = {version 2}
}

@article{Ando2005,
	Acmid = {1194905},
	Author = {Ando, Rie Kubota and Zhang, Tong},
	Issn = {1532-4435},
	Issue_Date = {12/1/2005},
	Journal = {Journal of Machine Learning Research},
	Month = dec,
	Numpages = {37},
	Pages = {1817--1853},
	Publisher = {JMLR.org},
	Title = {A Framework for Learning Predictive Structures from Multiple Tasks and Unlabeled Data},
	Volume = {6},
	Year = {2005},
	url={https://www.jmlr.org/papers/volume6/ando05a/ando05a.pdf}
}

@article{ct1965,
  title={An algorithm for the machine calculation of complex {F}ourier series},
  author={Cooley, James W. and Tukey, John W.},
  journal={Mathematics of Computation},
  volume={19},
  number={90},
  pages={297--301},
  year={1965},
  url={https://www.ams.org/journals/mcom/1965-19-090/S0025-5718-1965-0178586-1/S0025-5718-1965-0178586-1.pdf}
}


@inproceedings{maynez2020faithfulness,
  title={On faithfulness and factuality in abstractive summarization},
  author={Maynez, Joshua and Narayan, Shashi and Bohnet, Bernd and McDonald, Ryan},
  booktitle={Proceedings of the 58th Annual Meeting of the Association for Computational Linguistics},
  pages={1906--1919},
  year={2020},
  organization={Association for Computational Linguistics}
}

@inproceedings{kryscinski2019factcc,
  title={Evaluating the factual consistency of abstractive text summarization},
  author={Kry{\'s}ci{\'n}ski, Wojciech and McCann, Bryan and Xiong, Caiming and Socher, Richard},
  booktitle={Proceedings of the 2019 Conference on Empirical Methods in Natural Language Processing and the 9th International Joint Conference on Natural Language Processing (EMNLP-IJCNLP)},
  pages={3356--3361},
  year={2019},
  organization={Association for Computational Linguistics}
}


@inproceedings{falke2019ranking,
  title={Ranking generated summaries by correctness: An interesting but challenging task},
  author={Falke, Tobias and Gabryszak, Aleksandra and Gurevych, Iryna},
  booktitle={Proceedings of the 57th Annual Meeting of the Association for Computational Linguistics},
  pages={2214--2220},
  year={2019},
  organization={Association for Computational Linguistics}
}

@inproceedings{maynez2020faithfulness,
  title={On faithfulness and factuality in abstractive summarization},
  author={Maynez, Joshua and Narayan, Shashi and Bohnet, Bernd and McDonald, Ryan},
  booktitle={Proceedings of the 58th Annual Meeting of the Association for Computational Linguistics},
  pages={1906--1919},
  year={2020},
  organization={Association for Computational Linguistics}
}

@inproceedings{kryscinski2019factcc,
  title={Evaluating the factual consistency of abstractive text summarization},
  author={Kry{'s}ci{'n}ski, Wojciech and McCann, Bryan and Xiong, Caiming and Socher, Richard},
  booktitle={Proceedings of the 2019 Conference on Empirical Methods in Natural Language Processing and the 9th International Joint Conference on Natural Language Processing (EMNLP-IJCNLP)},
  pages={3356--3361},
  year={2019},
  organization={Association for Computational Linguistics}
}

@inproceedings{falke2019ranking,
  title={Ranking generated summaries by correctness: An interesting but challenging task},
  author={Falke, Tobias and Gabryszak, Aleksandra and Gurevych, Iryna},
  booktitle={Proceedings of the 57th Annual Meeting of the Association for Computational Linguistics},
  pages={2214--2220},
  year={2019},
  organization={Association for Computational Linguistics}
}